% Example bibtex file for ISMIR Template

@ARTICLE{Durrieu,
author={J. L. Durrieu and G. Richard and B. David and C. Fevotte},
journal={IEEE Transactions on Audio, Speech, and Language Processing},
title={Source/Filter Model for Unsupervised Main Melody Extraction From Polyphonic Audio Signals},
year={2010},
volume={18},
number={3},
pages={564-575},
keywords={Gaussian processes;audio signal processing;filtering theory;maximum likelihood estimation;source separation;Gaussian scaled mixture model;extended instantaneous mixture model;maximum-likelihood framework;polyphonic audio signals;polyphonic music recording;signal model;single-channel source separation;source/filter model;statistical model;unsupervised main melody extraction;Audio recording;Data mining;Filters;Frequency estimation;Humans;Maximum likelihood estimation;Parameter estimation;Performance evaluation;Source separation;Testing;Blind audio source separation;Expectation–Maximization (EM) algorithm;Gaussian scaled mixture model (GSMM);main melody extraction;maximum likelihood;music;non-negative matrix factorization (NMF);source/filter model;spectral analysis},
doi={10.1109/TASL.2010.2041114},
ISSN={1558-7916},
month={March},}
@INPROCEEDINGS{Author:00,
	AUTHOR = {E. Author},
	TITLE = {The Title of the Conference Paper},
	BOOKTITLE = {Proceedings of the International Symposium
		on Music Information Retrieval},
	PAGES = {000--111},
	YEAR = {2000},
	}

@ARTICLE{Durrieu-2, 
author={J. L. Durrieu and B. David and G. Richard}, 
journal={IEEE Journal of Selected Topics in Signal Processing}, 
title={A Musically Motivated Mid-Level Representation for Pitch Estimation and Musical Audio Source Separation}, 
year={2011}, 
volume={5}, 
number={6}, 
pages={1180-1191}, 
keywords={Fourier transforms;audio signal processing;music;source separation;audio processing system;low-level time-frequency representations;melody extraction system;musical audio source separation;musically motivated mid-level representation;pitch content;pitch estimation;short-time Fourier transform;Dictionaries;Estimation;Harmonic analysis;Instruments;Spectral shape;Timbre;Time frequency analysis;Audio melody extraction;audio signal representation;musical audio source separation;non-negative matrix factorization (NMF);pitch estimation}, 
doi={10.1109/JSTSP.2011.2158801}, 
ISSN={1932-4553}, 
month={Oct},}

Rachel M Bittner, Justin Salamon, Slim Essid, and
Juan P Bello. Melody extraction by contour classifi-
cation. In ISMIR, October 2015

@inproceedings{bittner2015_classification,
    author  = {Bittner,, R.M. and Salamon,, J. and Essid,, S. and Bello,, J.P.},
    year    = {2015},
    title   = {Melody extraction by contour classifi-
cation},
    booktitle = {15th International Society for Music Information Retrieval Conference},
    series  = {ISMIR},
    notes = {To appear.}
}

@inproceedings{bittner2017_deep,
    author  = {Bittner,, R.M. and McFee,, B. and Salamon,, J. and Li,, P. and Bello,, J.P.},
    year    = {2017},
    title   = {Deep salience representations for $F_0$ estimation in polyphonic music},
    booktitle = {18th International Society for Music Information Retrieval Conference},
    series  = {ISMIR},
    notes = {To appear.}
}

@inproceedings{bittner2016_comparison,
    author  = {Bosch,, J.J. and Bittner,, R.M. and Salamon,, J. and Gómez,, E.},
    year    = {2016},
    title   = {A Comparison of Melody Extraction Methods Based on Source-Filter Modelling},
    booktitle = {17th International Society for Music Information Retrieval Conference},
    series  = {ISMIR},
    notes = {To appear.}
}

@inproceedings{yaafe,
    author  = {Mathieu,, B. and Essid,, S, and Fillon,, T. and Prado,, J. and Richard,, G.},
    year    = {2010},
    title   = {YAAFE, an easy to use and efficient audio feature extraction software},
    booktitle = {11th International Society for Music Information Retrieval Conference},
    series  = {ISMIR},
    notes = {To appear.}
}

@ARTICLE{Metrics,
author={J. Salamon and E. Gomez and D. P. W. Ellis and G. Richard},
journal={IEEE Signal Processing Magazine},
title={Melody Extraction from Polyphonic Music Signals: Approaches, applications, and challenges},
year={2014},
volume={31},
number={2},
pages={118-134},
keywords={audio signal processing;information retrieval;music;algorithm design;algorithm evaluation;audio signal processing;dominant melody pitch;frequency value sequence;international evaluation campaign;melody extraction algorithms;music information retrieval;musical processing perspectives;musical recording;polyphonic music signals;Data mining;Harmonic analysis;Instruments;Multiple signal classification;Music;Signal processing algorithms;Time-frequency analysis},
doi={10.1109/MSP.2013.2271648},
ISSN={1053-5888},
month={March},}

@INPROCEEDINGS{CQTbasedMelodyTracking, 
author={B. Fuentes and A. Liutkus and R. Badeau and G. Richard}, 
booktitle={2012 IEEE International Conference on Acoustics, Speech and Signal Processing (ICASSP)}, 
title={Probabilistic model for main melody extraction using Constant-Q transform}, 
year={2012}, 
volume={}, 
number={}, 
pages={5357-5360}, 
keywords={Fourier transforms;audio signal processing;estimation theory;music;source separation;statistical analysis;CQT representation;STFT;audio mixtures;constant-Q transform;dimension reduction techniques;main melody extraction;multiple fundamental frequencies;music analysis algorithms;pitch estimation;pitch shift;probabilistic model;short term Fourier transform;source separation;statistical modeling;Analytical models;Estimation;Harmonic analysis;Instruments;Source separation;Time frequency analysis;Transforms;CQT;NTF;PLCA;audio source separation}, 
doi={10.1109/ICASSP.2012.6289131}, 
ISSN={1520-6149}, 
month={March},}

@INPROCEEDINGS{CQT-vs-STFT, 
author={A. Nagathil and R. Martin}, 
booktitle={2013 IEEE Workshop on Applications of Signal Processing to Audio and Acoustics}, 
title={Evaluation of spectral transforms for music signal analysis}, 
year={2013}, 
volume={}, 
number={}, 
pages={1-4}, 
keywords={Fourier transforms;data compression;principal component analysis;signal representation;source separation;time-domain analysis;CQT;STFT;constant-Q transform;data compression;instrumental source separation;mixed instrument recording;music signal analysis;rank-reduced principal component analysis;short-time Fourier transform;signal-dependent transforms;spectral analysis;spectral compactness;spectral transforms;time domain representation;Data compression;Multiple signal classification;Principal component analysis;Source separation;Time-domain analysis;Transforms;Spectral analysis;constant-Q transform;music signal analysis;source separation}, 
doi={10.1109/WASPAA.2013.6701843}, 
ISSN={1931-1168}, 
month={Oct},}

@ARTICLE{melodia, 
author={J. Salamon and E. Gomez}, 
journal={IEEE Transactions on Audio, Speech, and Language Processing}, 
title={Melody Extraction From Polyphonic Music Signals Using Pitch Contour Characteristics}, 
year={2012}, 
volume={20}, 
number={6}, 
pages={1759-1770}, 
keywords={acoustic signal detection;audio recording;ceilings;error analysis;error statistics;feature extraction;music;sequences;auditory streaming cues;automatic melody extraction;glass ceiling analysis;key parameters components;melodic contours;melody selection techniques;nonmelodic contours;octave error minimization;pitch contour characteristics;polyphonic music recording;polyphonic music signals;qualitative error analysis;state-of-the-art melody extraction systems;time continuous pitch sequences;voice detection;Algorithm design and analysis;Humans;Instruments;Materials;Multiple signal classification;Speech;Speech processing;Audio content description;multi-pitch estimation;music information retrieval;pitch contour;predominant melody estimation}, 
doi={10.1109/TASL.2012.2188515}, 
ISSN={1558-7916}, 
month={Aug},}

@article{MIR-deeplearningtutorial,
  title={A Tutorial on Deep Learning for Music Information Retrieval},
  author={Keunwoo Choi and Gy{\"o}rgy Fazekas and Kyunghyun Cho and Mark B. Sandler},
  journal={CoRR},
  year={2017},
  volume={abs/1709.04396}
}

@inproceedings{mcfee_chord,
    author  = {McFee,, B. and Bello, J.P.},
    year    = {2017},
    title   = {Structured training for large-vocabulary chord recognition},
    booktitle = {18th International Society for Music Information Retrieval Conference},
    series  = {ISMIR},
    notes = {To appear.}
}

@inproceedings{BLSTM_singingvoice,
  title={Singing Voice Melody Transcription Using Deep Neural Networks},
  author={François Rigaud and Mathieu Radenen},
  booktitle={ISMIR},
  year={2016}
}

@article{GRU,
  author    = {Kyunghyun Cho and
               Bart van Merrienboer and
               {\c{C}}aglar G{\"{u}}l{\c{c}}ehre and
               Fethi Bougares and
               Holger Schwenk and
               Yoshua Bengio},
  title     = {Learning Phrase Representations using {RNN} Encoder-Decoder for Statistical
               Machine Translation},
  journal   = {CoRR},
  volume    = {abs/1406.1078},
  year      = {2014},
  url       = {http://arxiv.org/abs/1406.1078},
  archivePrefix = {arXiv},
  eprint    = {1406.1078},
  timestamp = {Wed, 07 Jun 2017 14:43:08 +0200},
  biburl    = {https://dblp.org/rec/bib/journals/corr/ChoMGBSB14},
  bibsource = {dblp computer science bibliography, https://dblp.org}
}

@article{LSTM,
 author = {Hochreiter, Sepp and Schmidhuber, J\"{u}rgen},
 title = {Long Short-Term Memory},
 journal = {Neural Comput.},
 issue_date = {November 15, 1997},
 volume = {9},
 number = {8},
 month = nov,
 year = {1997},
 issn = {0899-7667},
 pages = {1735--1780},
 numpages = {46},
 url = {http://dx.doi.org/10.1162/neco.1997.9.8.1735},
 doi = {10.1162/neco.1997.9.8.1735},
 acmid = {1246450},
 publisher = {MIT Press},
 address = {Cambridge, MA, USA},
} 

@INPROCEEDINGS{simon_BLSTM_singingvoice, 
author={S. Leglaive and R. Hennequin and R. Badeau}, 
booktitle={2015 IEEE International Conference on Acoustics, Speech and Signal Processing (ICASSP)}, 
title={Singing voice detection with deep recurrent neural networks}, 
year={2015}, 
volume={}, 
number={}, 
pages={121-125}, 
keywords={recurrent neural nets;speech;BLSTM;RNN;bidirectional long short-term memory;deep recurrent neural networks;recurrent neural network;short-term feature extraction;singing voice detection;state-of-the-art methods;Computer architecture;Context;Databases;Feature extraction;Harmonic analysis;Recurrent neural networks;Training;Deep Learning;Long Short-Term Memory;Recurrent Neural Networks;Singing Voice Detection}, 
doi={10.1109/ICASSP.2015.7177944}, 
ISSN={1520-6149}, 
month={April},}

@INPROCEEDINGS{BLSTM_speech, 
author={A. Graves and A. r. Mohamed and G. Hinton}, 
booktitle={2013 IEEE International Conference on Acoustics, Speech and Signal Processing}, 
title={Speech recognition with deep recurrent neural networks}, 
year={2013}, 
volume={}, 
number={}, 
pages={6645-6649}, 
keywords={speech recognition;connectionist temporal classification;deep recurrent neural networks;end-to-end training methods;long short-term memory RNN architecture;sequential data;speech recognition;Acoustics;Noise;Recurrent neural networks;Speech recognition;Training;Vectors;deep neural networks;recurrent neural networks;speech recognition}, 
doi={10.1109/ICASSP.2013.6638947}, 
ISSN={1520-6149}, 
month={May},}

@inproceedings{batch_normalization,
 author = {Ioffe, Sergey and Szegedy, Christian},
 title = {Batch Normalization: Accelerating Deep Network Training by Reducing Internal Covariate Shift},
 booktitle = {Proceedings of the 32Nd International Conference on International Conference on Machine Learning - Volume 37},
 series = {ICML'15},
 year = {2015},
 location = {Lille, France},
 pages = {448--456},
 numpages = {9},
 url = {http://dl.acm.org/citation.cfm?id=3045118.3045167},
 acmid = {3045167},
 publisher = {JMLR.org},
} 

@inproceedings{mireval,
  title={mir\_eval: A transparent implementation of common MIR metrics},
  author={Raffel, Colin and McFee, Brian and Humphrey, Eric J and Salamon, Justin and Nieto, Oriol and Liang, Dawen and Ellis, Daniel PW and Raffel, C Colin},
  booktitle={In Proceedings of the 15th International Society for Music Information Retrieval Conference, ISMIR},
  year={2014},
  organization={Citeseer}
}

@article{medleydb,
  title={MedleyDB: A MULTITRACK DATASET FOR ANNOTATION-INTENSIVE MIR RESEARCH},
  author={Bittner, Rachel and Salamon, Justin and Tierney, Mike and Mauch, Matthias and Cannam, Chris and Bello, Juan},
  publisher={Citeseer}
}

@article{ADAM-optimizer,
  author    = {Diederik P. Kingma and
               Jimmy Ba},
  title     = {Adam: {A} Method for Stochastic Optimization},
  journal   = {CoRR},
  volume    = {abs/1412.6980},
  year      = {2014},
  url       = {http://arxiv.org/abs/1412.6980},
  archivePrefix = {arXiv},
  eprint    = {1412.6980},
  timestamp = {Wed, 07 Jun 2017 14:40:52 +0200},
  biburl    = {https://dblp.org/rec/bib/journals/corr/KingmaB14},
  bibsource = {dblp computer science bibliography, https://dblp.org}
}

@inproceedings{harmonicsummation,
  title={Multiple Fundamental Frequency Estimation by Summing Harmonic Amplitudes.},
  author={Klapuri, Anssi},
  booktitle={ISMIR},
  pages={216--221},
  year={2006}
}

@inproceedings{eventdetection-Bisot,
  title={Leveraging deep neural networks with nonnegative representations for improved environmental sound classification},
  author={Bisot, Victor and Serizel, Romain and Essid, Slim and Richard, Ga{\"e}l},
  booktitle={IEEE International Workshop on Machine Learning for Signal Processing MLSP},
  year={2017}
}

@inproceedings{jazzCNN,
  title={Data-driven solo voice enhancement for jazz music retrieval},
  author={Balke, Stefan and Dittmar, Christian and Abe{\ss}er, Jakob and M{\"u}ller, Meinard},
  booktitle={Acoustics, Speech and Signal Processing (ICASSP), 2017 IEEE International Conference on},
  pages={196--200},
  year={2017},
  organization={IEEE}
}

@inproceedings{stackedAutoEncoders,
  title={Extracting and composing robust features with denoising autoencoders},
  author={Vincent, Pascal and Larochelle, Hugo and Bengio, Yoshua and Manzagol, Pierre-Antoine},
  booktitle={Proceedings of the 25th international conference on Machine learning},
  pages={1096--1103},
  year={2008},
  organization={ACM}
}

@inproceedings{neuralNMF,
  title={A neural network alternative to non-negative audio models},
  author={Smaragdis, Paris and Venkataramani, Shrikant},
  booktitle={Acoustics, Speech and Signal Processing (ICASSP), 2017 IEEE International Conference on},
  pages={86--90},
  year={2017},
  organization={IEEE}
}

@inproceedings{eventdetection-CRNN,
  title={Stacked convolutional and recurrent neural networks for bird audio detection},
  author={Adavanne, Sharath and Drossos, Konstantinos and {\c{C}}akir, Emre and Virtanen, Tuomas},
  booktitle={Signal Processing Conference (EUSIPCO), 2017 25th European},
  pages={1729--1733},
  year={2017},
  organization={IEEE}
}

@article{STFTbasedMelody,
  title={Adaptive harmonic spectral decomposition for multiple pitch estimation},
  author={Vincent, Emmanuel and Bertin, Nancy and Badeau, Roland},
  journal={IEEE Transactions on Audio, Speech, and Language Processing},
  volume={18},
  number={3},
  pages={528--537},
  year={2010},
  publisher={IEEE}
}
@misc{keras,
author = {François Chollet },
title = {keras},
year = {2015},
publisher = {GitHub},
journal = {GitHub repository},
howpublished = {\url{https://github.com/fchollet/keras}},
commit = {5bcac37}
}

@misc{tensorflow,
title={ {TensorFlow}: Large-Scale Machine Learning on Heterogeneous Systems},
url={https://www.tensorflow.org/},
note={Software available from tensorflow.org},
author={
    Mart\'{\i}n~Abadi and
    Ashish~Agarwal and
    Paul~Barham and
    Eugene~Brevdo and
    Zhifeng~Chen and
    Craig~Citro and
    Greg~S.~Corrado and
    Andy~Davis and
    Jeffrey~Dean and
    Matthieu~Devin and
    Sanjay~Ghemawat and
    Ian~Goodfellow and
    Andrew~Harp and
    Geoffrey~Irving and
    Michael~Isard and
    Yangqing Jia and
    Rafal~Jozefowicz and
    Lukasz~Kaiser and
    Manjunath~Kudlur and
    Josh~Levenberg and
    Dandelion~Man\'{e} and
    Rajat~Monga and
    Sherry~Moore and
    Derek~Murray and
    Chris~Olah and
    Mike~Schuster and
    Jonathon~Shlens and
    Benoit~Steiner and
    Ilya~Sutskever and
    Kunal~Talwar and
    Paul~Tucker and
    Vincent~Vanhoucke and
    Vijay~Vasudevan and
    Fernanda~Vi\'{e}gas and
    Oriol~Vinyals and
    Pete~Warden and
    Martin~Wattenberg and
    Martin~Wicke and
    Yuan~Yu and
    Xiaoqiang~Zheng},
  year={2015},
}

@misc{librosa,
  author       = {Brian McFee and
                  Matt McVicar and
                  Stefan Balke and
                  Carl Thomé and
                  Colin Raffel and
                  Dana Lee and
                  Oriol Nieto and
                  Eric Battenberg and
                  Dan Ellis and
                  Ryuichi Yamamoto and
                  Josh Moore and
                  Rachel Bittner and
                  Keunwoo Choi and
                  Pius Friesch and
                  Fabian-Robert Stöter and
                  Vincent Lostanlen and
                  Siddhartha Kumar and
                  Simon Waloschek and
                  Seth and
                  Rimvydas Naktinis and
                  Douglas Repetto and
                  Curtis "Fjord" Hawthorne and
                  CJ Carr and
                  Waldir Pimenta and
                  Petr Viktorin and
                  Paul Brossier and
                  João Felipe Santos and
                  JackieWu and
                  Erik and
                  Adrian Holovaty},
  title        = {librosa/librosa: 0.6.1},
  month        = may,
  year         = 2018,
  doi          = {10.5281/zenodo.1252297},
  url          = {https://doi.org/10.5281/zenodo.1252297}
}